<record><leader>00000cas a22000007a 4500</leader><controlfield tag="001">11892041</controlfield><controlfield tag="008">850408d183u183unyudr ne      0    0eng d</controlfield><datafield ind1=" " ind2=" " tag="010"><subfield code="a">sn 85025743 </subfield></datafield><datafield ind1=" " ind2=" " tag="040"><subfield code="a">NPX</subfield><subfield code="b">eng</subfield><subfield code="c">NPX</subfield><subfield code="d">OCLCQ</subfield></datafield><datafield ind1=" " ind2=" " tag="042"><subfield code="a">msc</subfield></datafield><datafield ind1="0" ind2="0" tag="245"><subfield code="a">Native American citizen, and evening advertiser.</subfield></datafield><datafield ind1="1" ind2="3" tag="246"><subfield code="a">American citizen, evening advertiser</subfield></datafield><datafield ind1="1" ind2="3" tag="246"><subfield code="a">Native American citizen</subfield></datafield><datafield ind1=" " ind2=" " tag="260"><subfield code="a">Brooklyn, N.Y. :</subfield><subfield code="b">F.G. Fish</subfield></datafield><datafield ind1=" " ind2=" " tag="300"><subfield code="a">v.</subfield></datafield><datafield ind1=" " ind2=" " tag="310"><subfield code="a">Daily</subfield></datafield><datafield ind1=" " ind2=" " tag="500"><subfield code="a">"Native" and "and" appear in title ornament, &lt;1837&gt;.</subfield></datafield><datafield ind1=" " ind2=" " tag="500"><subfield code="a">"Native American."</subfield></datafield><datafield ind1=" " ind2=" " tag="588"><subfield code="a">Description based on: Vol. 3, no. 127 (Mar. 1, 1837).</subfield></datafield><datafield ind1=" " ind2=" " tag="752"><subfield code="a">United States</subfield><subfield code="b">New York</subfield><subfield code="c">Kings</subfield><subfield code="d">Brooklyn.</subfield></datafield><datafield ind1="0" ind2="0" tag="780"><subfield code="t">Native American citizen, Brooklyn evening advertiser</subfield><subfield code="w">(DLC)sn 85054276</subfield></datafield></record>